<record><leader>00000cas a22000007a 4500</leader><controlfield tag="001">47266865</controlfield><controlfield tag="008">010710c19989999vau x n       0    0eng d</controlfield><datafield ind1=" " ind2=" " tag="010"><subfield code="a">sn2001062412</subfield></datafield><datafield ind1=" " ind2=" " tag="040"><subfield code="a">NVK</subfield><subfield code="b">eng</subfield><subfield code="c">NVK</subfield><subfield code="d">OCLCO</subfield><subfield code="d">OCLCF</subfield></datafield><datafield ind1="1" ind2=" " tag="029"><subfield code="a">AU@</subfield><subfield code="b">000022832042</subfield></datafield><datafield ind1=" " ind2=" " tag="042"><subfield code="a">msc</subfield></datafield><datafield ind1="0" ind2=" " tag="130"><subfield code="a">Country Chronicle (Keysville, Va.)</subfield></datafield><datafield ind1="0" ind2="0" tag="245"><subfield code="a">Country Chronicle.</subfield></datafield><datafield ind1=" " ind2=" " tag="260"><subfield code="a">Keysville, Va. :</subfield><subfield code="b">The Local Paper, Inc.,</subfield><subfield code="c">1998-</subfield></datafield><datafield ind1=" " ind2=" " tag="300"><subfield code="a">v.</subfield></datafield><datafield ind1="0" ind2=" " tag="362"><subfield code="a">Vol. 1, no. 1 (Aug./Sept., 1998)-</subfield></datafield><datafield ind1=" " ind2=" " tag="500"><subfield code="a">"The local paper of southside Virginia."</subfield></datafield><datafield ind1=" " ind2="0" tag="651"><subfield code="a">Keysville (Va.)</subfield><subfield code="v">Newspaper.</subfield></datafield><datafield ind1=" " ind2="7" tag="651"><subfield code="a">Virginia</subfield><subfield code="z">Keysville.</subfield><subfield code="2">fast</subfield><subfield code="0">(OCoLC)fst01262987</subfield></datafield><datafield ind1=" " ind2=" " tag="752"><subfield code="a">United States</subfield><subfield code="b">Virginia</subfield><subfield code="c">Charlotte</subfield><subfield code="d">Keysville.</subfield></datafield></record>